<record><leader>00000cas a2200000 a 4500</leader><controlfield tag="001">12542621</controlfield><controlfield tag="008">850912d18861887ksuwr ne      0    0eng d</controlfield><datafield ind1=" " ind2=" " tag="010"><subfield code="a">sn 85029716 </subfield></datafield><datafield ind1=" " ind2=" " tag="040"><subfield code="a">KSH</subfield><subfield code="b">eng</subfield><subfield code="c">KSH</subfield><subfield code="d">NPT</subfield><subfield code="d">OCL</subfield><subfield code="d">OCLCQ</subfield></datafield><datafield ind1=" " ind2=" " tag="042"><subfield code="a">msc</subfield></datafield><datafield ind1="0" ind2=" " tag="130"><subfield code="a">Democrat (Walnut City, Kan.)</subfield></datafield><datafield ind1="1" ind2="4" tag="245"><subfield code="a">The democrat.</subfield></datafield><datafield ind1=" " ind2=" " tag="260"><subfield code="a">Walnut City, Kan. :</subfield><subfield code="b">Democrat Pub. Co.,</subfield><subfield code="c">-1887.</subfield></datafield><datafield ind1=" " ind2=" " tag="300"><subfield code="a">v. ;</subfield><subfield code="c">62 cm.</subfield></datafield><datafield ind1=" " ind2=" " tag="310"><subfield code="a">Weekly</subfield></datafield><datafield ind1="0" ind2=" " tag="362"><subfield code="a">-v. 4, no. 22 (Jan. 14, 1887).</subfield></datafield><datafield ind1="1" ind2=" " tag="362"><subfield code="a">Began in 1886.</subfield><subfield code="z">Cf. Rush County democrat, Sept. 24, 1886.</subfield></datafield><datafield ind1=" " ind2=" " tag="580"><subfield code="a">Formed by the union of: Rush County democrat, and: Western democrat (non-extant).</subfield></datafield><datafield ind1=" " ind2=" " tag="752"><subfield code="a">United States</subfield><subfield code="b">Kansas</subfield><subfield code="c">Rush</subfield><subfield code="d">Walnut City.</subfield></datafield><datafield ind1="1" ind2="4" tag="780"><subfield code="t">Rush County democrat</subfield><subfield code="w">(DLC)sn 85029713</subfield></datafield><datafield ind1="1" ind2="4" tag="780"><subfield code="t">Western democrat</subfield></datafield><datafield ind1="0" ind2="0" tag="785"><subfield code="t">Walnut City democrat</subfield><subfield code="w">(DLC)sn 85029721</subfield></datafield><datafield ind1="1" ind2=" " tag="029"><subfield code="a">AU@</subfield><subfield code="b">000022172157</subfield></datafield></record>